@misc{themulquabio_git,
  author = {Samraat Pawar},
  title = {{The Multilingual Quantitative Biologist!}},
  howpublished = "\url{https://mhasoba.github.io/TheMulQuaBio/intro.html}",
  note = "{Accessed: 2022-12-05}"
}

