@misc{themulquabio_git,
  author = {Samraat Pawar},
  title = {The Multilingual Quantitative Biologist!},
  url = {https://mhasoba.github.io/TheMulQuaBio/intro.html},
  note = "{Accessed: 2022-12-05}",
  year = 2022
}

